@manual{clingo-guide,
  title        = {Clingo Guide},
  author       = {Martin Gebser and Roland Kaminski and Benjamin Kaufmann and Marius Lindauer and Max Ostrowski and Javier Romero and Torsten Schaub and Sven Thiele and Philipp Wanko},
  year         = 2019,
  note         = {Available at \url{https://github.com/potassco/guide/releases/tag/v2.2.0}},
  organization = {University of Postdam},
  edition      = {v2.2.0}
}
